@article{MIREX_2017_form, 
	author{Matthew McCallum},
	title="{Structural Segmentation}", 
	url={https://www.music-ir.org/mirex/wiki/2017:Structural_Segmentation}, 
	journal={Music Information Retrieval Evaluation eXchange (MIREX)}, 
	year={2017}} 

@article{MIREX_2017_motif, 
	author = {Tom Collins},
	title="{Discovery of Repeated Themes \& Sections}",
	url={https://www.music-ir.org/mirex/wiki/2017:Discovery_of_Repeated_Themes_\%26_Sections}, 
	journal={Music Information Retrieval Evaluation eXchange (MIREX)}, 
	year={2017}} 